<?xml version="1.0" encoding="UTF-8"?>
<collection
  xmlns:xsi="http://www.w3.org/2001/XMLSchema-instance"
  xsi:schemaLocation="http://www.loc.gov/MARC21/slim http://www.loc.gov/standards/marcxml/schema/MARC21slim.xsd"
  xmlns="http://www.loc.gov/MARC21/slim">

<record>
  <leader>02112nas a2200577 i 4500</leader>
  <controlfield tag="001">cps20142564059</controlfield>
  <controlfield tag="003">CZ PrNK</controlfield>
  <controlfield tag="005">20250324144651.0</controlfield>
  <controlfield tag="007">ta</controlfield>
  <controlfield tag="008">140204c20149999xr mr p       0   b0cze  </controlfield>
  <datafield tag="015" ind1=" " ind2=" ">
    <subfield code="a">cnb002564059</subfield>
  </datafield>
  <datafield tag="022" ind1=" " ind2=" ">
    <subfield code="a">2336-2987</subfield>
    <subfield code="y">1805-2355</subfield>
  </datafield>
  <datafield tag="035" ind1=" " ind2=" ">
    <subfield code="a">(OCoLC)872336360</subfield>
  </datafield>
  <datafield tag="040" ind1=" " ind2=" ">
    <subfield code="a">ABA001</subfield>
    <subfield code="b">cze</subfield>
    <subfield code="d">OLA001</subfield>
    <subfield code="d">BOA001</subfield>
    <subfield code="e">rda</subfield>
  </datafield>
  <datafield tag="072" ind1=" " ind2="7">
    <subfield code="a">614</subfield>
    <subfield code="x">Veřejné zdraví a hygiena</subfield>
    <subfield code="2">Konspekt</subfield>
    <subfield code="9">14</subfield>
  </datafield>
  <datafield tag="080" ind1=" " ind2=" ">
    <subfield code="a">614.2</subfield>
    <subfield code="2">MRF</subfield>
  </datafield>
  <datafield tag="080" ind1=" " ind2=" ">
    <subfield code="a">61</subfield>
    <subfield code="2">MRF</subfield>
  </datafield>
  <datafield tag="080" ind1=" " ind2=" ">
    <subfield code="a">615.1</subfield>
    <subfield code="2">MRF</subfield>
  </datafield>
  <datafield tag="080" ind1=" " ind2=" ">
    <subfield code="a">616-083</subfield>
    <subfield code="2">MRF</subfield>
  </datafield>
  <datafield tag="080" ind1=" " ind2=" ">
    <subfield code="a">(051)-027.561</subfield>
    <subfield code="2">MRF</subfield>
  </datafield>
  <datafield tag="210" ind1="0" ind2=" ">
    <subfield code="a">Zdr. med.</subfield>
  </datafield>
  <datafield tag="222" ind1=" " ind2="0">
    <subfield code="a">Zdravotnictví a medicína</subfield>
  </datafield>
  <datafield tag="245" ind1="0" ind2="0">
    <subfield code="a">Zdravotnictví a medicína :</subfield>
    <subfield code="b">čtrnáctideník pro odborníky ve zdravotnictví a farmacii</subfield>
  </datafield>
  <datafield tag="246" ind1="3" ind2=" ">
    <subfield code="a">Zdravotnictví + medicína</subfield>
  </datafield>
  <datafield tag="246" ind1="3" ind2=" ">
    <subfield code="a">Zdravotnictví a medicína</subfield>
  </datafield>
  <datafield tag="246" ind1="3" ind2=" ">
    <subfield code="a">ZAM</subfield>
  </datafield>
  <datafield tag="264" ind1=" " ind2="1">
    <subfield code="a">Praha :</subfield>
    <subfield code="b">MF Medical &amp; Digital Media,</subfield>
    <subfield code="c">2014-</subfield>
  </datafield>
  <datafield tag="264" ind1="3" ind2="1">
    <subfield code="3">2021-</subfield>
    <subfield code="a">Praha :</subfield>
    <subfield code="b">EEZY Publishing, s.r.o.</subfield>
  </datafield>
  <datafield tag="300" ind1=" " ind2=" ">
    <subfield code="c">30 cm</subfield>
  </datafield>
  <datafield tag="310" ind1=" " ind2=" ">
    <subfield code="a">1x měsíčně,</subfield>
    <subfield code="b">2014-</subfield>
  </datafield>
  <datafield tag="321" ind1=" " ind2=" ">
    <subfield code="a">1x za 2 týdny</subfield>
  </datafield>
  <datafield tag="336" ind1=" " ind2=" ">
    <subfield code="a">text</subfield>
    <subfield code="b">txt</subfield>
    <subfield code="2">rdacontent</subfield>
  </datafield>
  <datafield tag="337" ind1=" " ind2=" ">
    <subfield code="a">bez média</subfield>
    <subfield code="b">n</subfield>
    <subfield code="2">rdamedia</subfield>
  </datafield>
  <datafield tag="338" ind1=" " ind2=" ">
    <subfield code="a">svazek</subfield>
    <subfield code="b">nc</subfield>
    <subfield code="2">rdacarrier</subfield>
  </datafield>
  <datafield tag="362" ind1="0" ind2=" ">
    <subfield code="a">Č. 1/2014-</subfield>
  </datafield>
  <datafield tag="500" ind1=" " ind2=" ">
    <subfield code="a">Podnázev od čísla 14/2014: měsíčník pro odborníky ve zdravotnictví, farmacii a ošetřovatelství</subfield>
  </datafield>
  <datafield tag="500" ind1=" " ind2=" ">
    <subfield code="a">Podnázev od roku 2018: měsíčník pro lékaře a farmaceuty; od roku 2021 se střídá s podnázvem: měsíčník pro lékaře, farmaceuty a odborníky ve zdravotnictví</subfield>
  </datafield>
  <datafield tag="650" ind1="0" ind2="7">
    <subfield code="a">zdravotnictví</subfield>
    <subfield code="7">ph127574</subfield>
    <subfield code="2">czenas</subfield>
  </datafield>
  <datafield tag="650" ind1="0" ind2="7">
    <subfield code="a">lékařství</subfield>
    <subfield code="7">ph115195</subfield>
    <subfield code="2">czenas</subfield>
  </datafield>
  <datafield tag="650" ind1="0" ind2="7">
    <subfield code="a">farmacie</subfield>
    <subfield code="7">ph114525</subfield>
    <subfield code="2">czenas</subfield>
  </datafield>
  <datafield tag="650" ind1="0" ind2="7">
    <subfield code="a">ošetřovatelství</subfield>
    <subfield code="7">ph123893</subfield>
    <subfield code="2">czenas</subfield>
  </datafield>
  <datafield tag="655" ind1=" " ind2="7">
    <subfield code="a">odborné časopisy</subfield>
    <subfield code="7">fd132951</subfield>
    <subfield code="2">czenas</subfield>
  </datafield>
  <datafield tag="770" ind1="0" ind2=" ">
    <subfield code="t">Lékařské listy</subfield>
  </datafield>
  <datafield tag="780" ind1="0" ind2="0">
    <subfield code="t">Zdravotnické noviny</subfield>
    <subfield code="x">1805-2355</subfield>
  </datafield>
  <datafield tag="780" ind1="0" ind2="5">
    <subfield code="t">Sestra</subfield>
    <subfield code="x">1210-0404</subfield>
  </datafield>
  <datafield tag="910" ind1=" " ind2=" ">
    <subfield code="a">ABA001</subfield>
    <subfield code="c">61-11</subfield>
    <subfield code="r">2014-</subfield>
  </datafield>
  <datafield tag="968" ind1=" " ind2=" ">
    <subfield code="a">10c</subfield>
  </datafield>
  <datafield tag="969" ind1=" " ind2=" ">
    <subfield code="a">b1</subfield>
  </datafield>
  <datafield tag="970" ind1=" " ind2=" ">
    <subfield code="n">EEZY Publishing, s.r.o.</subfield>
    <subfield code="a">Na Pankráci 26, 148 00 Praha 4</subfield>
  </datafield>
  <datafield tag="979" ind1=" " ind2=" ">
    <subfield code="n">Zdravotnictví a medicína - redakce</subfield>
    <subfield code="a">Na Pankráci 26, 148 00 Praha 4</subfield>
    <subfield code="x">info@zamcasopis.cz</subfield>
  </datafield>
  <datafield tag="998" ind1=" " ind2=" ">
    <subfield code="a">002564059</subfield>
  </datafield>
</record>

</collection>
